@BOOK{Fossen2011,
author={Fossen, T.I.},
title={Handbook of Marine Craft Hydrodynamics and Motion Control},
journal={Handbook of Marine Craft Hydrodynamics and Motion Control},
publisher={John Wiley \& Sons},
year={2011},
page_count={575},
document_type={Book},
}

@Article{Fjellstad1994857,
	author={Fjellstad, Ola-Erik and Fossen, Thor I.},
	title={Quaternion feedback regulation of underwater vehicles},
	journal={Proceedings of the IEEE Conference on Control Applications},
	year={1994},
	volume={2},
	pages={857-862},
}

@article{Sola,
  author    = {Joan Sol{\`{a}}},
  title     = {Quaternion kinematics for the error-state Kalman filter},
  journal   = {CoRR},
  volume    = {abs/1711.02508},
  year      = {2017},
  url       = {http://arxiv.org/abs/1711.02508},
  archivePrefix = {arXiv},
  eprint    = {1711.02508},
  timestamp = {Mon, 13 Aug 2018 16:48:15 +0200},
  biburl    = {https://dblp.org/rec/bib/journals/corr/abs-1711-02508},
  bibsource = {dblp computer science bibliography, https://dblp.org}
}

